---
---

@article{guitart1980extenseurs,
  title   = {Extenseurs},
  author  = {Guitart, R},
  journal = {Diagrammes},
  volume  = {3},
  pages   = {G1--G2},
  year    = {1980}
}

@article{kelly1989elementary,
  title     = {Elementary observations on 2-categorical limits},
  author    = {Kelly, Gregory Maxwell},
  journal   = {Bulletin of the Australian Mathematical Society},
  volume    = {39},
  number    = {2},
  pages     = {301--317},
  year      = {1989},
  publisher = {Cambridge University Press}
}