---
---
References
==========

@book{ruby,
  title     = {The Ruby Programming Language},
  author    = {Flanagan, David and Matsumoto, Yukihiro},
  year      = {2008},
  publisher = {O'Reilly Media}
}


@article{bla,
  author="io",
  title="niente",
  year="2040"
}